<record xmlns="http://www.loc.gov/MARC21/slim" xmlns:xsi="http://www.w3.org/2001/XMLSchema-instance" xsi:schemaLocation="http://www.loc.gov/MARC21/slim http://www.loc.gov/standards/marcxml/schema/MARC21slim.xsd"><leader>     nam a22        4500</leader><controlfield tag="001">3059359</controlfield><controlfield tag="003">NNC</controlfield><controlfield tag="006">m        d        </controlfield><controlfield tag="007">cr cn |||m|||a</controlfield><controlfield tag="008">150601s1937    ua      o     000 0 ara d</controlfield><datafield ind1=" " ind2=" " tag="040"><subfield code="a">NNU</subfield><subfield code="b">eng</subfield><subfield code="e">rda</subfield><subfield code="c">NNU</subfield></datafield><datafield ind1="1" ind2=" " tag="100"><subfield code="6">880-01</subfield><subfield code="a">&#699;Ima&#772;rah, Muh&#803;ammad.</subfield></datafield><datafield ind1="1" ind2="0" tag="245"><subfield code="6">880-02</subfield><subfield code="a">Mudhakkirat al-t&#803;ibb al-shar&#699;i&#772; lit&#803;alabat al-sana al-u&#772;la&#772; min qism ija&#772;zat al-qad&#803;a&#772;&#700; al-shar&#699;i&#772; biKulli&#772;yat al-Shari&#772;&#699;a al-Isla&#772;mi&#772;ya.</subfield></datafield><datafield ind1=" " ind2=" " tag="260"><subfield code="6">880-03</subfield><subfield code="a">Mis&#803;r :</subfield><subfield code="b">mat&#803;ba&#699;at al-Futu&#772;h&#803;,</subfield><subfield code="c">1937.</subfield></datafield><datafield ind1=" " ind2=" " tag="300"><subfield code="a">online resource (104 pages)</subfield></datafield><datafield ind1=" " ind2=" " tag="336"><subfield code="a">text</subfield><subfield code="2">rdacontent</subfield></datafield><datafield ind1=" " ind2=" " tag="337"><subfield code="a">computer</subfield><subfield code="2">rdamedia</subfield></datafield><datafield ind1=" " ind2=" " tag="338"><subfield code="a">online resource</subfield><subfield code="2">rdacarrier</subfield></datafield><datafield ind1=" " ind2=" " tag="500"><subfield code="6">880-04</subfield><subfield code="a">At head of title: al-Azhar al-shari&#772;f. Kulli&#772;yat al-Shari&#772;&#699;ah al-Isla&#772;mi&#772;yah.</subfield></datafield><datafield ind1=" " ind2=" " tag="500"><subfield code="a">Part of the Arabic Collections Online (ACO) project, contributed by Columbia University Libraries.</subfield></datafield><datafield ind1=" " ind2=" " tag="533"><subfield code="a">Electronic reproduction.</subfield><subfield code="b">New York, N.Y. :</subfield><subfield code="c">New York University,</subfield><subfield code="d">2015.</subfield><subfield code="5">NNU</subfield></datafield><datafield ind1="2" ind2=" " tag="710"><subfield code="a">Columbia University.</subfield><subfield code="b">Libraries.</subfield></datafield><datafield ind1="0" ind2=" " tag="730"><subfield code="a">Arabic Collections Online.</subfield></datafield><datafield ind1="0" ind2="8" tag="776"><subfield code="i">Print version:</subfield><subfield code="a">&#699;Ima&#772;rah, Muh&#803;ammad.</subfield><subfield code="t">Mudhakkirat al-t&#803;ibb al-shar&#699;i&#772; lit&#803;alabat al-sana al-u&#772;la&#772; min qism ija&#772;zat al-qad&#803;a&#772;&#700; al-shar&#699;i&#772; biKulli&#772;yat al-Shari&#772;&#699;a al-Isla&#772;mi&#772;ya</subfield><subfield code="w">(NNC)3059359</subfield><subfield code="w">(OCoLC)47722866</subfield></datafield><datafield ind1="4" ind2="0" tag="856"><subfield code="u">http://hdl.handle.net/2333.1/sbcc2j67</subfield></datafield><datafield ind1="1" ind2=" " tag="880"><subfield code="6">100-01/r</subfield><subfield code="a">&#1593;&#1605;&#1575;&#1585;&#1577;&#1548; &#1605;&#1581;&#1605;&#1583;.</subfield></datafield><datafield ind1="1" ind2="0" tag="880"><subfield code="6">245-02/r</subfield><subfield code="a">&#1605;&#1584;&#1603;&#1585;&#1577; &#1575;&#1604;&#1591;&#1576; &#1575;&#1604;&#1588;&#1585;&#1593;&#1610; &#1604;&#1591;&#1604;&#1576;&#1577; &#1575;&#1604;&#1587;&#1606;&#1609; &#1575;&#1604;&#1571;&#1608;&#1604;&#1609; &#1605;&#1606; &#1602;&#1587;&#1605; &#1575;&#1580;&#1575;&#1586;&#1577; &#1575;&#1604;&#1602;&#1590;&#1575;&#1569; &#1575;&#1604;&#1588;&#1585;&#1593;&#1610; &#1576;&#1603;&#1604;&#1610;&#1577; &#1575;&#1604;&#1588;&#1585;&#1610;&#1593; &#1575;&#1604;&#1575;&#1587;&#1604;&#1575;&#1605;&#1610;.</subfield></datafield><datafield ind1=" " ind2=" " tag="880"><subfield code="6">260-03/r</subfield><subfield code="a">&#1605;&#1589;&#1585; :</subfield><subfield code="b">&#1605;&#1591;&#1576;&#1593;&#1577; &#1575;&#1604;&#1601;&#1578;&#1608;&#1581;&#1548;</subfield><subfield code="c">1937.</subfield></datafield><datafield ind1=" " ind2=" " tag="880"><subfield code="6">500-04/r</subfield><subfield code="a">At head of title: &#1575;&#1604;&#1575;&#1586;&#1607;&#1585; &#1575;&#1604;&#1588;&#1585;&#1610;&#1601;. &#1603;&#1604;&#1610;&#1577; &#1575;&#1604;&#1588;&#1585;&#1610;&#1593;&#1577; &#1575;&#1604;&#1575;&#1587;&#1604;&#1575;&#1605;&#1610;&#1577;.</subfield></datafield><datafield ind1=" " ind2=" " tag="959"><subfield code="a">NNU</subfield><subfield code="b">WEB</subfield><subfield code="c">GENI</subfield><subfield code="t">0</subfield><subfield code="m">Electronic access</subfield><subfield code="s">01</subfield></datafield><datafield ind1=" " ind2=" " tag="999"><subfield code="i">NNC_3059359</subfield><subfield code="o">(OCoLC)ocm47722866</subfield><subfield code="s">columbia_aco000508</subfield><subfield code="e">(ERROR-880)</subfield><subfield code="s">columbia_aco000508</subfield></datafield></record>